<record><leader>00000cas a2200000 a 4500</leader><controlfield tag="001">10333445</controlfield><controlfield tag="008">840124d18701913couwr ne      0    0eng c</controlfield><datafield ind1=" " ind2=" " tag="010"><subfield code="a">sn 84022265 </subfield></datafield><datafield ind1=" " ind2=" " tag="040"><subfield code="a">NPX</subfield><subfield code="b">eng</subfield><subfield code="c">NPX</subfield><subfield code="d">NPU</subfield><subfield code="d">NPT</subfield><subfield code="d">PPM</subfield><subfield code="d">CNQ</subfield><subfield code="d">CNK</subfield><subfield code="d">NVF</subfield><subfield code="d">OCLCQ</subfield><subfield code="d">OCLCF</subfield><subfield code="d">OCLCO</subfield></datafield><datafield ind1="1" ind2=" " tag="029"><subfield code="a">AU@</subfield><subfield code="b">000020410236</subfield></datafield><datafield ind1=" " ind2=" " tag="042"><subfield code="a">pcc</subfield></datafield><datafield ind1=" " ind2=" " tag="043"><subfield code="a">n-us-co</subfield></datafield><datafield ind1="0" ind2=" " tag="130"><subfield code="a">Greeley tribune (Greeley, Colo. : Weekly)</subfield></datafield><datafield ind1="1" ind2="4" tag="245"><subfield code="a">The Greeley tribune.</subfield></datafield><datafield ind1="1" ind2=" " tag="246"><subfield code="i">Published Mar. 10, 1909-Jan. 30, 1913 as:</subfield><subfield code="a">Greeley weekly tribune</subfield></datafield><datafield ind1=" " ind2=" " tag="260"><subfield code="a">Greeley, Colo. :</subfield><subfield code="b">N.C. Meeker</subfield></datafield><datafield ind1=" " ind2=" " tag="300"><subfield code="a">v.</subfield></datafield><datafield ind1=" " ind2=" " tag="310"><subfield code="a">Weekly</subfield></datafield><datafield ind1="0" ind2=" " tag="362"><subfield code="a">Vol. 1, no. 1 (Nov. 16, 1870)-v. 44, no. 11 (Feb. 27, 1913).</subfield></datafield><datafield ind1=" " ind2=" " tag="580"><subfield code="a">Daily eds.: Greeley tribune (Greeley, Colo. : Daily), &lt;1908&gt;-1908, and: Greeley tribune (Greeley, Colo. : 1908), 1908-&lt;1912&gt;.</subfield></datafield><datafield ind1=" " ind2=" " tag="580"><subfield code="a">Issued with: New Windsor tribune, Sept. 7, 1893-June 28, 1894.</subfield></datafield><datafield ind1=" " ind2="0" tag="651"><subfield code="a">Greeley (Colo.)</subfield><subfield code="v">Newspapers.</subfield></datafield><datafield ind1=" " ind2="7" tag="655"><subfield code="a">Newspapers.</subfield><subfield code="2">fast</subfield><subfield code="0">(OCoLC)fst01423814</subfield></datafield><datafield ind1=" " ind2="7" tag="651"><subfield code="a">Colorado</subfield><subfield code="z">Greeley.</subfield><subfield code="2">fast</subfield><subfield code="0">(OCoLC)fst01202812</subfield></datafield><datafield ind1=" " ind2=" " tag="752"><subfield code="a">United States</subfield><subfield code="b">Colorado</subfield><subfield code="c">Weld</subfield><subfield code="d">Greeley.</subfield></datafield><datafield ind1="1" ind2=" " tag="775"><subfield code="t">Greeley tribune (Greeley, Colo. : Daily)</subfield><subfield code="w">(DLC)sn 91052530</subfield></datafield><datafield ind1="1" ind2=" " tag="775"><subfield code="t">Greeley daily tribune (Greeley, Colo. : 1908)</subfield><subfield code="w">(DLC)sn 85067345</subfield></datafield><datafield ind1="1" ind2=" " tag="777"><subfield code="t">New Windsor tribune</subfield><subfield code="w">(DLC)sn 91052529</subfield></datafield><datafield ind1="0" ind2="7" tag="785"><subfield code="t">Weld County Republican</subfield><subfield code="w">(DLC)sn 89052089</subfield></datafield><datafield ind1="0" ind2="7" tag="785"><subfield code="t">Greely tribune and Weld County Republican</subfield><subfield code="w">(DLC)sn 89052090</subfield></datafield></record>